<?xml version="1.0" encoding="UTF-8"?><record xmlns="http://www.loc.gov/MARC21/slim" xmlns:cinclude="http://apache.org/cocoon/include/1.0" xmlns:zs="http://www.loc.gov/zing/srw/">
  <leader>00417cz  a2200133n  4500</leader>
  <controlfield tag="001">n  79079763 </controlfield>
  <controlfield tag="003">DLC</controlfield>
  <controlfield tag="005">19990703052715.5</controlfield>
  <controlfield tag="008">790720n| acannaab           |n aaa      </controlfield>
  <datafield tag="010" ind1=" " ind2=" ">
    <subfield code="a">n  79079763 </subfield>
  </datafield>
  <datafield tag="040" ind1=" " ind2=" ">
    <subfield code="a">DLC</subfield>
    <subfield code="c">DLC</subfield>
    <subfield code="d">NIC</subfield>
  </datafield>
  <datafield tag="100" ind1="1" ind2="0">
    <subfield code="a">Signorelli, Alfio</subfield>
  </datafield>
  <datafield tag="670" ind1=" " ind2=" ">
    <subfield code="a">Revisionismo e ministerialismo in Italia ... 1978 (a.e.)</subfield>
    <subfield code="b">t.p. (Alfio Signorelli)</subfield>
  </datafield>
  <datafield tag="670" ind1=" " ind2=" ">
    <subfield code="a">Tra ceto e censo, c1999:</subfield>
    <subfield code="b">p. 4 of cover (b. 1945 in Catania)</subfield>
  </datafield>
</record>